@article{skorski:2019:hess,
  author    = {Maciej Skorski},
  title     = {Chain Rules for Hessian and Higher Derivatives Made Easy by Tensor
               Calculus},
  journal   = {CoRR},
  volume    = {abs/1911.13292},
  year      = {2019},
  url       = {http://arxiv.org/abs/1911.13292},
  eprinttype = {arXiv},
  eprint    = {1911.13292},
  timestamp = {Wed, 08 Jan 2020 15:28:22 +0100},
  biburl    = {https://dblp.org/rec/journals/corr/abs-1911-13292.bib},
  bibsource = {dblp computer science bibliography, https://dblp.org}
}
